@article{berners2001semantic,
  title={The semantic web},
  author={Berners-Lee, Tim and Hendler, James and Lassila, Ora and others},
  year={2001}
}

@article{miller1998introduction,
  title={An introduction to the resource description framework},
  author={Miller, Eric},
  journal={Bulletin of the American Society for Information Science and Technology},
  volume={25},
  number={1},
  pages={15--19},
  year={1998},
  publisher={Wiley Online Library}
}

@article{lehmann2014dbpedia,
  title={DBpedia-a large-scale, multilingual knowledge base extracted from wikipedia},
  author={Lehmann, Jens and Isele, Robert and Jakob, Max and Jentzsch, Anja and Kontokostas, Dimitris and Mendes, Pablo N and Hellmann, Sebastian and Morsey, Mohamed and van Kleef, Patrick and Auer, S{\"o}ren and others},
  journal={Semantic Web Journal},
  volume={5},
  pages={1--29},
  year={2014}
}

@article{prud2008sparql,
  title={SPARQL query language for RDF},
  author={Prud’Hommeaux, Eric and Seaborne, Andy and others},
  journal={W3C recommendation},
  volume={15},
  year={2008}
}

@inproceedings{mendes2011dbpedia,
  title={DBpedia spotlight: shedding light on the web of documents},
  author={Mendes, Pablo N and Jakob, Max and Garc{\'\i}a-Silva, Andr{\'e}s and Bizer, Christian},
  booktitle={Proceedings of the 7th International Conference on Semantic Systems},
  pages={1--8},
  year={2011},
  organization={ACM}
}

@incollection{passant2010dbrec,
  title={dbrec—music recommendations using DBpedia},
  author={Passant, Alexandre},
  booktitle={The Semantic Web--ISWC 2010},
  pages={209--224},
  year={2010},
  publisher={Springer}
}

@incollection{kobilarov2009media,
  title={Media meets semantic web--how the BBC uses DBpedia and linked data to make connections},
  author={Kobilarov, Georgi and Scott, Tom and Raimond, Yves and Oliver, Silver and Sizemore, Chris and Smethurst, Michael and Bizer, Christian and Lee, Robert},
  booktitle={The semantic web: research and applications},
  pages={723--737},
  year={2009},
  publisher={Springer}
}

@article{tevsic2005metadata,
  title={Metadata practices for consumer photos},
  author={Te{\v{s}}i{\'c}, Jelena},
  journal={MultiMedia, IEEE},
  volume={12},
  number={3},
  pages={86--92},
  year={2005},
  publisher={IEEE}
}

@inproceedings{stern2010detection,
  title={D{\'e}tection et r{\'e}solution d'entit{\'e}s nomm{\'e}es dans des d{\'e}p{\^e}ches d'agence},
  author={Stern, Rosa and Sagot, Beno{\^\i}t},
  booktitle={Traitement Automatique des Langues Naturelles: TALN 2010},
  year={2010}
}

@article{miller1995wordnet,
  title={WordNet: a lexical database for English},
  author={Miller, George A},
  journal={Communications of the ACM},
  volume={38},
  number={11},
  pages={39--41},
  year={1995},
  publisher={ACM}
}

@inproceedings{budanitsky2001semantic,
  title={Semantic distance in WordNet: An experimental, application-oriented evaluation of five measures},
  author={Budanitsky, Alexander and Hirst, Graeme},
  booktitle={Workshop on WordNet and Other Lexical Resources},
  volume={2},
  pages={2--2},
  year={2001}
}

@inproceedings{agirre2009study,
  title={A study on similarity and relatedness using distributional and WordNet-based approaches},
  author={Agirre, Eneko and Alfonseca, Enrique and Hall, Keith and Kravalova, Jana and Pa{\c{s}}ca, Marius and Soroa, Aitor},
  booktitle={Proceedings of Human Language Technologies: The 2009 Annual Conference of the North American Chapter of the Association for Computational Linguistics},
  pages={19--27},
  year={2009},
  organization={Association for Computational Linguistics}
}

@misc{richardson1994using,
  title={Using WordNet as a knowledge base for measuring semantic similarity between words},
  author={Richardson, Ray and Smeaton, A and Murphy, John},
  year={1994},
  publisher={Technical Report Working Paper CA-1294, School of Computer Applications, Dublin City University}
}

@inproceedings{voorhees1993using,
  title={Using WordNet to disambiguate word senses for text retrieval},
  author={Voorhees, Ellen M},
  booktitle={Proceedings of the 16th annual international ACM SIGIR conference on Research and development in information retrieval},
  pages={171--180},
  year={1993},
  organization={ACM}
}

@article{resnik1995disambiguating,
  title={Disambiguating noun groupings with respect to WordNet senses},
  author={Resnik, Philip},
  journal={arXiv preprint cmp-lg/9511006},
  year={1995}
}

@incollection{banerjee2002adapted,
  title={An adapted Lesk algorithm for word sense disambiguation using WordNet},
  author={Banerjee, Satanjeev and Pedersen, Ted},
  booktitle={Computational linguistics and intelligent text processing},
  pages={136--145},
  year={2002},
  publisher={Springer}
}

@inproceedings{deng2009imagenet,
  title={Imagenet: A large-scale hierarchical image database},
  author={Deng, Jia and Dong, Wei and Socher, Richard and Li, Li-Jia and Li, Kai and Fei-Fei, Li},
  booktitle={Computer Vision and Pattern Recognition, 2009. CVPR 2009. IEEE Conference on},
  pages={248--255},
  year={2009},
  organization={IEEE}
}

@inproceedings{deselaers2011visual,
  title={Visual and semantic similarity in imagenet},
  author={Deselaers, Thomas and Ferrari, Vittorio},
  booktitle={Computer Vision and Pattern Recognition (CVPR), 2011 IEEE Conference on},
  pages={1777--1784},
  year={2011},
  organization={IEEE}
}

@inproceedings{wu1994verbs,
  title={Verbs semantics and lexical selection},
  author={Wu, Zhibiao and Palmer, Martha},
  booktitle={Proceedings of the 32nd annual meeting on Association for Computational Linguistics},
  pages={133--138},
  year={1994},
  organization={Association for Computational Linguistics}
}

@article{zargayouna2004mesure,
  title={Mesure de similarit{\'e} dans une ontologie pour l'indexation s{\'e}mantique de documents XML},
  author={Zargayouna, Ha{\"\i}fa and Salotti, Sylvie and others},
  journal={IC 2004},
  pages={249--260},
  year={2004}
}

@article{resnik1995using,
  title={Using information content to evaluate semantic similarity in a taxonomy},
  author={Resnik, Philip},
  journal={arXiv preprint cmp-lg/9511007},
  year={1995}
}

@inproceedings{lin1998information,
  title={An information-theoretic definition of similarity.},
  author={Lin, Dekang},
  booktitle={ICML},
  volume={98},
  pages={296--304},
  year={1998}
}

@article{jiang1997semantic,
  title={Semantic similarity based on corpus statistics and lexical taxonomy},
  author={Jiang, Jay J and Conrath, David W},
  journal={arXiv preprint cmp-lg/9709008},
  year={1997}
}

@inproceedings{mousselly2013tag,
  title={Tag Similarity in Folksonomies},
  author={Mousselly-Sergieh, Hatem and Egyed-Zsigmond, El{\"o}d and Gianini, G and D{\"o}ller, M and Kosch, Harald and Pinon, Jean-Marie},
  year={2013},
  organization={INFORSID}
}

@article{ide1998introduction,
  title={Introduction to the special issue on word sense disambiguation: the state of the art},
  author={Ide, Nancy and V{\'e}ronis, Jean},
  journal={Computational linguistics},
  volume={24},
  number={1},
  pages={2--40},
  year={1998},
  publisher={MIT Press}
}

@article{qian2014social,
  title={Social image tagging with diverse semantics},
  author={Qian, Xueming and Hua, Xian-Sheng and Tang, Yuan Yan and Mei, Tao},
  journal={Cybernetics, IEEE Transactions on},
  volume={44},
  number={12},
  pages={2493--2508},
  year={2014},
  publisher={IEEE}
}

@article{wang2012assistive,
  title={Assistive tagging: A survey of multimedia tagging with human-computer joint exploration},
  author={Wang, Meng and Ni, Bingbing and Hua, Xian-Sheng and Chua, Tat-Seng},
  journal={ACM Computing Surveys (CSUR)},
  volume={44},
  number={4},
  pages={25},
  year={2012},
  publisher={ACM}
}

@inproceedings{jin2005image,
  title={Image annotations by combining multiple evidence \& wordnet},
  author={Jin, Yohan and Khan, Latifur and Wang, Lei and Awad, Mamoun},
  booktitle={Proceedings of the 13th annual ACM international conference on Multimedia},
  pages={706--715},
  year={2005},
  organization={ACM}
}

@inproceedings{banerjee2003extended,
  title={Extended gloss overlaps as a measure of semantic relatedness},
  author={Banerjee, Satanjeev and Pedersen, Ted},
  booktitle={IJCAI},
  volume={3},
  pages={805--810},
  year={2003}
}

@book{shafer1976mathematical,
  title={A mathematical theory of evidence},
  author={Shafer, Glenn and others},
  volume={1},
  year={1976},
  publisher={Princeton university press Princeton}
}

@inproceedings{qian2011graph,
  title={Graph-cut based tag enrichment},
  author={Qian, Xueming and Hua, Xian-Sheng},
  booktitle={Proceedings of the 34th international ACM SIGIR conference on Research and development in Information Retrieval},
  pages={1111--1112},
  year={2011},
  organization={ACM}
}

@article{cilibrasi2007google,
  title={The google similarity distance},
  author={Cilibrasi, Rudi L and Vitanyi, Paul},
  journal={Knowledge and Data Engineering, IEEE Transactions on},
  volume={19},
  number={3},
  pages={370--383},
  year={2007},
  publisher={IEEE}
}

@article{angeletou2007bridging,
  title={Bridging the gap between folksonomies and the semantic web: An experience report},
  author={Angeletou, Sofia and Sabou, Marta and Specia, Lucia and Motta, Enrico},
  year={2007}
}